<?xml version="1.0" encoding="UTF-8"?><collection xmlns="http://www.loc.gov/MARC21/slim"><record><leader>00448nam--2200133-i-4500</leader><controlfield tag="001">000009431</controlfield><controlfield tag="002">20161230</controlfield><controlfield tag="005">20161230201028</controlfield><controlfield tag="008">060222s1000------------r-----000-0-eng-d</controlfield><datafield ind1=" " ind2=" " tag="100"><subfield code="a">Ausloos, Pierre J</subfield></datafield><datafield ind1=" " ind2=" " tag="245"><subfield code="a">Ion molecule reactions in the gas phase. a symposium sponsored by the division of physical chemistry at the 152 nd meeting of the american chemical society</subfield></datafield><datafield ind1=" " ind2=" " tag="260"><subfield code="a">Washington, 1966</subfield></datafield><datafield ind1=" " ind2=" " tag="490"><subfield code="a">Advances In Chemistry</subfield></datafield><datafield ind1=" " ind2=" " tag="852"><subfield code="a">12136</subfield></datafield></record></collection>